@inproceedings{wilson_iccv2013_disambig,
   Title = {Network Principles for SfM: Disambiguating Repeated Structures with Local Context},
   Author = {Kyle Wilson and Noah Snavely},
   booktitle = {Proceedings of the International Conference on Computer Vision ({ICCV})},
   Year = {2013},
}

@article{tcp2005,
 author = {Ogale, Abhijit S. and Aloimonos, Yiannis},
 title = {Shape and the Stereo Correspondence Problem},
 journal = {Int. J. Comput. Vision},
 issue_date = {December  2005},
 volume = {65},
 number = {3},
 month = dec,
 year = {2005},
 issn = {0920-5691},
 pages = {147--162},
 numpages = {16},
 url = {http://dx.doi.org/10.1007/s11263-005-3672-3},
 doi = {10.1007/s11263-005-3672-3},
 acmid = {1107776},
 publisher = {Kluwer Academic Publishers},
 address = {Hingham, MA, USA},
}


@INPROCEEDINGS{ftc2016,
  author={D. {Herrera} and C. J. {Kannala} and J. {Heikkila}},
  booktitle={2016 IEEE Winter Conference on Applications of Computer Vision (WACV)},
  title={Forget the checkerboard: Practical self-calibration using a planar scene},
  year={2016},
  volume={},
  number={},
  pages={1-9},
  keywords={calibration;cameras;computer vision;image texture;camera self-calibration method;planar scene;scene texture;planar surface;checkerboard-based calibration;intrinsic camera parameter;extrinsic camera parameter;Calibration;Cameras;Image reconstruction;Nonlinear distortion;Robustness},
  doi={10.1109/WACV.2016.7477641},
  ISSN={null},
  month={March},
}

@misc{ceres-solver,
  year = 2010,
  author = "Sameer Agarwal and Keir Mierle",
  title = "Ceres Solver",
  howpublished = "\url{http://ceres-solver.org}",
}

@article{sift2004,
 author = {Lowe, David G.},
 title = {Distinctive Image Features from Scale-Invariant Keypoints},
 journal = {Int. J. Comput. Vision},
 issue_date = {November 2004},
 volume = {60},
 number = {2},
 month = nov,
 year = {2004},
 issn = {0920-5691},
 pages = {91--110},
 numpages = {20},
 url = {https://doi.org/10.1023/B:VISI.0000029664.99615.94},
 doi = {10.1023/B:VISI.0000029664.99615.94},
 acmid = {996342},
 publisher = {Kluwer Academic Publishers},
 address = {Norwell, MA, USA},
 keywords = {image matching, invariant features, object recognition, scale invariance},
}


@inproceedings{orb2011,
 author = {Rublee, Ethan and Rabaud, Vincent and Konolige, Kurt and Bradski, Gary},
 title = {ORB: An Efficient Alternative to SIFT or SURF},
 booktitle = {Proceedings of the 2011 International Conference on Computer Vision},
 series = {ICCV '11},
 year = {2011},
 isbn = {978-1-4577-1101-5},
 pages = {2564--2571},
 numpages = {8},
 url = {http://dx.doi.org/10.1109/ICCV.2011.6126544},
 doi = {10.1109/ICCV.2011.6126544},
 acmid = {2356268},
 publisher = {IEEE Computer Society},
 address = {Washington, DC, USA},
}

@article{bundler2006,
 author = {Snavely, Noah and Seitz, Steven M. and Szeliski, Richard},
 title = {Photo Tourism: Exploring Photo Collections in 3D},
 journal = {ACM Trans. Graph.},
 issue_date = {July 2006},
 volume = {25},
 number = {3},
 month = jul,
 year = {2006},
 issn = {0730-0301},
 pages = {835--846},
 numpages = {12},
 url = {http://doi.acm.org/10.1145/1141911.1141964},
 doi = {10.1145/1141911.1141964},
 acmid = {1141964},
 publisher = {ACM},
 address = {New York, NY, USA},
 keywords = {image-based modeling, image-based rendering, photo browsing, structure from motion},
}

@article{opencv_library,
    author = {Bradski, G.},
    citeulike-article-id = {2236121},
    journal = {Dr. Dobb's Journal of Software Tools},
    keywords = {bibtex-import},
    posted-at = {2008-01-15 19:21:54},
    priority = {4},
    title = {{The OpenCV Library}},
    year = {2000}
}

@InCollection{More78,
  Title                    = {The Levenberg-Marquardt algorithm: Implementation and theory},
  Author                   = {Jorge J. Mor\'e},
  Booktitle                = {Numerical Analysis},
  Publisher                = {Springer Berlin Heidelberg},
  Year                     = {1978},
  Editor                   = {Watson, G.A.},
  Pages                    = {105--116},
  Series                   = {Lecture Notes in Mathematics},
  Volume                   = {630},
  Optdoi                   = {10.1007/BFb0067700},
  Optisbn                  = {978-3-540-08538-6},
  Optlanguage              = {English},
  Opturl                   = {http://dx.doi.org/10.1007/BFb0067700}
}


@article{Martyushev_2017,
   title={On Some Properties of Calibrated Trifocal Tensors},
   volume={58},
   ISSN={1573-7683},
   url={http://dx.doi.org/10.1007/s10851-017-0712-x},
   DOI={10.1007/s10851-017-0712-x},
   number={2},
   journal={Journal of Mathematical Imaging and Vision},
   publisher={Springer Science and Business Media LLC},
   author={Martyushev, E. V.},
   year={2017},
   month={Feb},
   pages={321â€“332}
}


@article{ransac,
 author = {Fischler, Martin A. and Bolles, Robert C.},
 title = {Random Sample Consensus: A Paradigm for Model Fitting with Applications to Image Analysis and Automated Cartography},
 journal = {Commun. ACM},
 issue_date = {June 1981},
 volume = {24},
 number = {6},
 month = jun,
 year = {1981},
 issn = {0001-0782},
 pages = {381--395},
 numpages = {15},
 url = {http://doi.acm.org/10.1145/358669.358692},
 doi = {10.1145/358669.358692},
 acmid = {358692},
 publisher = {ACM},
 address = {New York, NY, USA},
 keywords = {automated cartography, camera calibration, image matching, location determination, model fitting, scene analysis},
}